@article{RCB12,
author = {R.C. Barros et al.},
title = {A survey of evolutionary algorithms for decision-tree induction},
journal = {IEEE Trans. Syst.},
year = 2012,
}

@article{newman1998uci,
  title={UCI Repository of machine learning databases},
  author={Newman, David J and Hettich, Seth and Blake, Cason L and Merz, Christopher J},
  journal= {},
  year={1998}
}

@book{flach2012machine,
  title={Machine learning: the art and science of algorithms that make sense of data},
  author={Flach, Peter},
  year={2012},
  publisher={Cambridge University Press}
}

@book{murphy2012machine,
  title={Machine learning: a probabilistic perspective},
  author={Murphy, Kevin P},
  year={2012},
  publisher={MIT press}
}

@article{barros2012survey,
  title={A survey of evolutionary algorithms for decision-tree induction},
  author={Barros, Rodrigo Coelho and Basgalupp, Marcio Porto and De Carvalho, ACPLF and Freitas, Alex Alves},
  journal={Systems, Man, and Cybernetics, Part C: Applications and Reviews, IEEE Transactions on},
  volume={42},
  number={3},
  pages={291--312},
  year={2012},
  publisher={IEEE}
}

@article{struharik2009evolving,
  title={Evolving decision trees in hardware},
  author={Struharik, Rastislav JR and Novak, Ladislav A},
  journal={Journal of Circuits, Systems, and Computers},
  volume={18},
  number={06},
  pages={1033--1060},
  year={2009},
  publisher={World Scientific}
}

@article{struharik2009intellectual,
  title={Intellectual property core implementation of decision trees},
  author={Struharik, RJR and Novak, LA},
  journal={IET computers \& digital techniques},
  volume={3},
  number={3},
  pages={259--269},
  year={2009},
  publisher={IET Digital Library}
}

@book{rokach2007data,
  title={Data mining with decision trees: theory and applications},
  author={Rokach, Lior},
  year={2007},
  publisher={World scientific}
}

@article{rokach2005top,
  title={Top-down induction of decision trees classifiers-a survey},
  author={Rokach, Lior and Maimon, Oded},
  journal={Systems, Man, and Cybernetics, Part C: Applications and Reviews, IEEE Transactions on},
  volume={35},
  number={4},
  pages={476--487},
  year={2005},
  publisher={IEEE}
}

@book{abe2005support,
  title={Support vector machines for pattern classification},
  author={Abe, Shigeo},
  volume={53},
  year={2005},
  publisher={Springer}
}

@book{haykin2009neural,
  title={Neural networks and learning machines},
  author={Haykin, Simon S and Haykin, Simon S and Haykin, Simon S and Haykin, Simon S},
  volume={3},
  year={2009},
  publisher={Pearson Education Upper Saddle River}
}

@book{witten2005data,
  title={Data Mining: Practical machine learning tools and techniques},
  author={Witten, Ian H and Frank, Eibe},
  year={2005},
  publisher={Morgan Kaufmann}
}

@book{wu2009top,
  title={The top ten algorithms in data mining},
  author={Wu, Xindong and Kumar, Vipin},
  year={2009},
  publisher={CRC Press}
}

@book{wang2006data,
  title={Data mining with computational intelligence},
  author={Wang, Lipo and Fu, Xiuju},
  year={2006},
  publisher={Springer Science \& Business Media}
}

@inproceedings{struharik2014inducing,
  title={Inducing oblique decision trees},
  author={Struharik, R and Vranjkovic, V and Dautovic, S and Novak, L},
  booktitle={Intelligent Systems and Informatics (SISY), 2014 IEEE 12th International Symposium on},
  pages={257--262},
  year={2014},
  organization={IEEE}
}

@book{prince2012computer,
  title={Computer vision: models, learning, and inference},
  author={Prince, Simon JD},
  year={2012},
  publisher={Cambridge University Press}
}

@book{challa2011fundamentals,
  title={Fundamentals of object tracking},
  author={Challa, Sudha},
  year={2011},
  publisher={Cambridge University Press}
}

@book{lesk2013introduction,
  title={Introduction to bioinformatics},
  author={Lesk, Arthur},
  year={2013},
  publisher={Oxford University Press}
}

@book{baldi2001bioinformatics,
  title={Bioinformatics: the machine learning approach},
  author={Baldi, Pierre and Brunak, S{\o}ren},
  year={2001},
  publisher={MIT press}
}

@book{liu2007web,
  title={Web data mining: exploring hyperlinks, contents, and usage data},
  author={Liu, Bing},
  year={2007},
  publisher={Springer Science \& Business Media}
}

@book{russell2013mining,
  title={Mining the Social Web: Data Mining Facebook, Twitter, LinkedIn, Google+, GitHub, and More},
  author={Russell, Matthew A},
  year={2013},
  publisher={ O'Reilly Media, Inc.}
}

@book{weiss2010fundamentals,
  title={Fundamentals of predictive text mining},
  author={Weiss, Sholom M and Indurkhya, Nitin and Zhang, Tong},
  year={2010},
  publisher={Springer Science \& Business Media}
}

@book{aggarwal2012mining,
  title={Mining text data},
  author={Aggarwal, Charu C and Zhai, ChengXiang},
  year={2012},
  publisher={Springer Science \& Business Media}
}

@book{bekkerman2011scaling,
  title={Scaling up machine learning: Parallel and distributed approaches},
  author={Bekkerman, Ron and Bilenko, Mikhail and Langford, John},
  year={2011},
  publisher={Cambridge University Press}
}

@article{choudhary2011accelerating,
  title={Accelerating data mining workloads: current approaches and future challenges in system architecture design},
  author={Choudhary, Alok N and Honbo, Daniel and Kumar, Prabhat and Ozisikyilmaz, Berkin and Misra, Sanchit and Memik, Gokhan},
  journal={Wiley Interdisciplinary Reviews: Data Mining and Knowledge Discovery},
  volume={1},
  number={1},
  pages={41--54},
  year={2011},
  publisher={Wiley Online Library}
}

@article{anguita2003digital,
  title={A digital architecture for support vector machines: theory, algorithm, and FPGA implementation},
  author={Anguita, Davide and Boni, Andrea and Ridella, Sandro},
  journal={Neural Networks, IEEE Transactions on},
  volume={14},
  number={5},
  pages={993--1009},
  year={2003},
  publisher={IEEE}
}

@article{papadonikolakis2012novel,
  title={Novel cascade FPGA accelerator for support vector machines classification},
  author={Papadonikolakis, Markos and Bouganis, C},
  journal={Neural Networks and Learning Systems, IEEE Transactions on},
  volume={23},
  number={7},
  pages={1040--1052},
  year={2012},
  publisher={IEEE}
}

@article{anguita2011fpga,
  title={A FPGA core generator for embedded classification systems},
  author={Anguita, Davide and Carlino, Luca and Ghio, Alessandro and Ridella, Sandro},
  journal={Journal of Circuits, Systems, and Computers},
  volume={20},
  number={02},
  pages={263--282},
  year={2011},
  publisher={World Scientific}
}

@article{mahmoodi2011fpga,
  title={FPGA simulation of linear and nonlinear support vector machine},
  author={Mahmoodi, Davood and Soleimani, Ali and Khosravi, Hossein and Taghizadeh, Mehdi and others},
  journal={Journal of Software Engineering and Applications},
  volume={4},
  number={05},
  pages={320},
  year={2011},
  publisher={Scientific Research Publishing}
}

@inproceedings{vranjkovic2011new,
  title={New architecture for SVM classifier and its application to telecommunication problems},
  author={Vranjkovic, V and Struharik, Rastislav},
  booktitle={Telecommunications Forum (TELFOR), 2011 19th},
  pages={1543--1545},
  year={2011},
  organization={IEEE}
}

@article{savich2012scalable,
  title={A scalable pipelined architecture for real-time computation of MLP-BP neural networks},
  author={Savich, Antony and Moussa, Medhat and Areibi, Shawki},
  journal={Microprocessors and Microsystems},
  volume={36},
  number={2},
  pages={138--150},
  year={2012},
  publisher={Elsevier}
}

@article{vainbrand2011scalable,
  title={Scalable network-on-chip architecture for configurable neural networks},
  author={Vainbrand, Dmitri and Ginosar, Ran},
  journal={Microprocessors and Microsystems},
  volume={35},
  number={2},
  pages={152--166},
  year={2011},
  publisher={Elsevier}
}

@article{echanobe2014fpga,
  title={An FPGA-based multiprocessor-architecture for intelligent environments},
  author={Echanobe, J and del Campo, I and Basterretxea, K and Martinez, MV and Doctor, Faiyaz},
  journal={Microprocessors and Microsystems},
  volume={38},
  number={7},
  pages={730--740},
  year={2014},
  publisher={Elsevier}
}

@article{misra2010artificial,
  title={Artificial neural networks in hardware: A survey of two decades of progress},
  author={Misra, Janardan and Saha, Indranil},
  journal={Neurocomputing},
  volume={74},
  number={1},
  pages={239--255},
  year={2010},
  publisher={Elsevier}
}

@book{omondi2006fpga,
  title={FPGA implementations of neural networks},
  author={Omondi, Amos R and Rajapakse, Jagath Chandana},
  volume={365},
  year={2006},
  publisher={Springer}
}

@article{madokoro2013hardware,
  title={Hardware implementation of back-propagation neural networks for real-time video image learning and processing},
  author={Madokoro, Hirokazu and Sato, Kazuhito},
  journal={Journal of Computers},
  volume={8},
  number={3},
  pages={559--566},
  year={2013}
}

@article{li2011low,
  title={A low-power hardware-friendly binary decision tree classifier for gas identification},
  author={Li, Qingzheng and Bermak, Amine},
  journal={Journal of Low Power Electronics and Applications},
  volume={1},
  number={1},
  pages={45--58},
  year={2011},
  publisher={Molecular Diversity Preservation International}
}

@article{saqib2015pipelined,
  title={Pipelined Decision Tree Classification Accelerator Implementation in FPGA (DT-CAIF)},
  author={Saqib, Fareena and Dutta, Aindrik and Plusquellic, Jim and Ortiz, Philip and Pattichis, Marios S},
  journal={Computers, IEEE Transactions on},
  volume={64},
  number={1},
  pages={280--285},
  year={2015},
  publisher={IEEE}
}

@article{chrysos2013hc,
  title={HC-CART: a parallel system implementation of data mining classification and regression tree (CART) algorithm on a multi-FPGA system},
  author={Chrysos, Grigorios and Dagritzikos, Panagiotis and Papaefstathiou, Ioannis and Dollas, Apostolos},
  journal={ACM Transactions on Architecture and Code Optimization (TACO)},
  volume={9},
  number={4},
  pages={47},
  year={2013},
  publisher={ACM}
}