@article{newman1998uci,
  title={UCI Repository of machine learning databases},
  author={Newman, David J and Hettich, Seth and Blake, Cason L and Merz, Christopher J},
  journal= {},
  year={1998}
}

@book{flach2012machine,
  title={Machine learning: the art and science of algorithms that make sense of data},
  author={Flach, Peter},
  year={2012},
  publisher={Cambridge University Press}
}

@book{murphy2012machine,
  title={Machine learning: a probabilistic perspective},
  author={Murphy, Kevin P},
  year={2012},
  publisher={MIT press}
}

@article{barros2012survey,
  title={A survey of evolutionary algorithms for decision-tree induction},
  author={Barros, Rodrigo Coelho and Basgalupp, Marcio Porto and De Carvalho, ACPLF and Freitas, Alex Alves},
  journal={Systems, Man, and Cybernetics, Part C: Applications and Reviews, IEEE Transactions on},
  volume={42},
  number={3},
  pages={291--312},
  year={2012},
  publisher={IEEE}
}

@article{struharik2009evolving,
  title={Evolving decision trees in hardware},
  author={Struharik, Rastislav and Novak, Ladislav},
  journal={Journal of Circuits, Systems, and Computers},
  volume={18},
  number={06},
  pages={1033--1060},
  year={2009},
  publisher={World Scientific}
}

@article{struharik2009intellectual,
  title={Intellectual property core implementation of decision trees},
  author={Struharik, Rastislav and Novak, Ladislav},
  journal={IET computers \& digital techniques},
  volume={3},
  number={3},
  pages={259--269},
  year={2009},
  publisher={IET Digital Library}
}

@book{rokach2007data,
  title={Data mining with decision trees: theory and applications},
  author={Rokach, Lior},
  year={2007},
  publisher={World scientific}
}

@article{rokach2005top,
  title={Top-down induction of decision trees classifiers-a survey},
  author={Rokach, Lior and Maimon, Oded},
  journal={Systems, Man, and Cybernetics, Part C: Applications and Reviews, IEEE Transactions on},
  volume={35},
  number={4},
  pages={476--487},
  year={2005},
  publisher={IEEE}
}

@book{abe2005support,
  title={Support vector machines for pattern classification},
  author={Abe, Shigeo},
  volume={53},
  year={2005},
  publisher={Springer}
}

@book{haykin2009neural,
  title={Neural networks and learning machines},
  author={Haykin, Simon S and Haykin, Simon S and Haykin, Simon S and Haykin, Simon S},
  volume={3},
  year={2009},
  publisher={Pearson Education Upper Saddle River}
}

@book{witten2005data,
  title={Data Mining: Practical machine learning tools and techniques},
  author={Witten, Ian H and Frank, Eibe},
  year={2005},
  publisher={Morgan Kaufmann}
}

@book{wu2009top,
  title={The top ten algorithms in data mining},
  author={Wu, Xindong and Kumar, Vipin},
  year={2009},
  publisher={CRC Press}
}

@book{wang2006data,
  title={Data mining with computational intelligence},
  author={Wang, Lipo and Fu, Xiuju},
  year={2006},
  publisher={Springer Science \& Business Media}
}

@inproceedings{struharik2014inducing,
  title={Inducing oblique decision trees},
  author={Struharik, Rastislav and Vranjkovic, Vuk and Dautovic, Stanisa and Novak, Ladislav},
  booktitle={Intelligent Systems and Informatics (SISY), 2014 IEEE 12th International Symposium on},
  pages={257--262},
  year={2014},
  organization={IEEE}
}

@book{prince2012computer,
  title={Computer vision: models, learning, and inference},
  author={Prince, Simon JD},
  year={2012},
  publisher={Cambridge University Press}
}

@book{challa2011fundamentals,
  title={Fundamentals of object tracking},
  author={Challa, Sudha},
  year={2011},
  publisher={Cambridge University Press}
}

@book{lesk2013introduction,
  title={Introduction to bioinformatics},
  author={Lesk, Arthur},
  year={2013},
  publisher={Oxford University Press}
}

@book{baldi2001bioinformatics,
  title={Bioinformatics: the machine learning approach},
  author={Baldi, Pierre and Brunak, S{\o}ren},
  year={2001},
  publisher={MIT press}
}

@book{liu2007web,
  title={Web data mining: exploring hyperlinks, contents, and usage data},
  author={Liu, Bing},
  year={2007},
  publisher={Springer Science \& Business Media}
}

@book{russell2013mining,
  title={Mining the Social Web: Data Mining Facebook, Twitter, LinkedIn, Google+, GitHub, and More},
  author={Russell, Matthew A},
  year={2013},
  publisher={ O'Reilly Media, Inc.}
}

@book{weiss2010fundamentals,
  title={Fundamentals of predictive text mining},
  author={Weiss, Sholom M and Indurkhya, Nitin and Zhang, Tong},
  year={2010},
  publisher={Springer Science \& Business Media}
}

@book{aggarwal2012mining,
  title={Mining text data},
  author={Aggarwal, Charu C and Zhai, ChengXiang},
  year={2012},
  publisher={Springer Science \& Business Media}
}

@book{bekkerman2011scaling,
  title={Scaling up machine learning: Parallel and distributed approaches},
  author={Bekkerman, Ron and Bilenko, Mikhail and Langford, John},
  year={2011},
  publisher={Cambridge University Press}
}

@article{choudhary2011accelerating,
  title={Accelerating data mining workloads: current approaches and future challenges in system architecture design},
  author={Choudhary, Alok N and Honbo, Daniel and Kumar, Prabhat and Ozisikyilmaz, Berkin and Misra, Sanchit and Memik, Gokhan},
  journal={Wiley Interdisciplinary Reviews: Data Mining and Knowledge Discovery},
  volume={1},
  number={1},
  pages={41--54},
  year={2011},
  publisher={Wiley Online Library}
}

@article{anguita2003digital,
  title={A digital architecture for support vector machines: theory, algorithm, and FPGA implementation},
  author={Anguita, Davide and Boni, Andrea and Ridella, Sandro},
  journal={Neural Networks, IEEE Transactions on},
  volume={14},
  number={5},
  pages={993--1009},
  year={2003},
  publisher={IEEE}
}

@article{papadonikolakis2012novel,
  title={Novel cascade FPGA accelerator for support vector machines classification},
  author={Papadonikolakis, Markos and Bouganis, C},
  journal={Neural Networks and Learning Systems, IEEE Transactions on},
  volume={23},
  number={7},
  pages={1040--1052},
  year={2012},
  publisher={IEEE}
}

@article{anguita2011fpga,
  title={A FPGA core generator for embedded classification systems},
  author={Anguita, Davide and Carlino, Luca and Ghio, Alessandro and Ridella, Sandro},
  journal={Journal of Circuits, Systems, and Computers},
  volume={20},
  number={02},
  pages={263--282},
  year={2011},
  publisher={World Scientific}
}

@article{mahmoodi2011fpga,
  title={FPGA simulation of linear and nonlinear support vector machine},
  author={Mahmoodi, Davood and Soleimani, Ali and Khosravi, Hossein and Taghizadeh, Mehdi and others},
  journal={Journal of Software Engineering and Applications},
  volume={4},
  number={05},
  pages={320},
  year={2011},
  publisher={Scientific Research Publishing}
}

@inproceedings{vranjkovic2011new,
  title={New architecture for SVM classifier and its application to telecommunication problems},
  author={Vranjkovic, Vuk and Struharik, Rastislav},
  booktitle={Telecommunications Forum (TELFOR), 2011 19th},
  pages={1543--1545},
  year={2011},
  organization={IEEE}
}

@article{savich2012scalable,
  title={A scalable pipelined architecture for real-time computation of MLP-BP neural networks},
  author={Savich, Antony and Moussa, Medhat and Areibi, Shawki},
  journal={Microprocessors and Microsystems},
  volume={36},
  number={2},
  pages={138--150},
  year={2012},
  publisher={Elsevier}
}

@article{vainbrand2011scalable,
  title={Scalable network-on-chip architecture for configurable neural networks},
  author={Vainbrand, Dmitri and Ginosar, Ran},
  journal={Microprocessors and Microsystems},
  volume={35},
  number={2},
  pages={152--166},
  year={2011},
  publisher={Elsevier}
}

@article{echanobe2014fpga,
  title={An FPGA-based multiprocessor-architecture for intelligent environments},
  author={Echanobe, J and del Campo, I and Basterretxea, K and Martinez, MV and Doctor, Faiyaz},
  journal={Microprocessors and Microsystems},
  volume={38},
  number={7},
  pages={730--740},
  year={2014},
  publisher={Elsevier}
}

@article{misra2010artificial,
  title={Artificial neural networks in hardware: A survey of two decades of progress},
  author={Misra, Janardan and Saha, Indranil},
  journal={Neurocomputing},
  volume={74},
  number={1},
  pages={239--255},
  year={2010},
  publisher={Elsevier}
}

@book{omondi2006fpga,
  title={FPGA implementations of neural networks},
  author={Omondi, Amos R and Rajapakse, Jagath Chandana},
  volume={365},
  year={2006},
  publisher={Springer}
}

@article{madokoro2013hardware,
  title={Hardware implementation of back-propagation neural networks for real-time video image learning and processing},
  author={Madokoro, Hirokazu and Sato, Kazuhito},
  journal={Journal of Computers},
  volume={8},
  number={3},
  pages={559--566},
  year={2013}
}

@article{li2011low,
  title={A low-power hardware-friendly binary decision tree classifier for gas identification},
  author={Li, Qingzheng and Bermak, Amine},
  journal={Journal of Low Power Electronics and Applications},
  volume={1},
  number={1},
  pages={45--58},
  year={2011},
  publisher={Molecular Diversity Preservation International}
}

@article{saqib2015pipelined,
  title={Pipelined Decision Tree Classification Accelerator Implementation in FPGA (DT-CAIF)},
  author={Saqib, Fareena and Dutta, Aindrik and Plusquellic, Jim and Ortiz, Philip and Pattichis, Marios S},
  journal={Computers, IEEE Transactions on},
  volume={64},
  number={1},
  pages={280--285},
  year={2015},
  publisher={IEEE}
}

@article{chrysos2013hc,
  title={HC-CART: a parallel system implementation of data mining classification and regression tree (CART) algorithm on a multi-FPGA system},
  author={Chrysos, Grigorios and Dagritzikos, Panagiotis and Papaefstathiou, Ioannis and Dollas, Apostolos},
  journal={ACM Transactions on Architecture and Code Optimization (TACO)},
  volume={9},
  number={4},
  pages={47},
  year={2013},
  publisher={ACM}
}

@inproceedings{heath1993induction,
  title={Induction of oblique decision trees},
  author={Heath, David and Kasif, Simon and Salzberg, Steven},
  booktitle={IJCAI},
  pages={1002--1007},
  year={1993},
  organization={Citeseer}
}

@incollection{bot2000application,
  title={Application of genetic programming to induction of linear classification trees},
  author={Bot, Martijn CJ and Langdon, William B},
  booktitle={Genetic Programming},
  pages={247--258},
  year={2000},
  publisher={Springer}
}

@incollection{krketowski2005global,
  title={Global induction of oblique decision trees: an evolutionary approach},
  author={Kr{\k{e}}towski, Marek and Grze{\'s}, Marek},
  booktitle={Intelligent Information Processing and Web Mining},
  pages={309--318},
  year={2005},
  publisher={Springer}
}

@inproceedings{llora2004mixed,
  title={Mixed decision trees: Minimizing knowledge representation bias in LCS},
  author={Llora, Xavier and Wilson, Stewart W},
  booktitle={Genetic and Evolutionary Computation--GECCO 2004},
  pages={797--809},
  year={2004},
  organization={Springer}
}

@inproceedings{papagelis2000ga,
  title={GA tree: Genetically evolved decision trees},
  author={Papagelis, Athanassios and Kalles, Dimitrios},
  booktitle={2012 IEEE 24th International Conference on Tools with Artificial Intelligence},
  pages={0203--0203},
  year={2000},
  organization={IEEE Computer Society}
}

@article{efti,
  title={Evolving full oblique decision trees},
  author={Vukobratovic, Bogdan and Struharik, Rastislav},
  journal={Submitted to 16th IEEE International Symposium on Computational Intelligence and Informatics},
  year={2015},
}

@article{rokach2010ensemble,
  title={Ensemble-based classifiers},
  author={Rokach, Lior},
  journal={Artificial Intelligence Review},
  volume={33},
  number={1-2},
  pages={1--39},
  year={2010},
  publisher={Springer}
}

@incollection{buhlmann2012bagging,
  title={Bagging, boosting and ensemble methods},
  author={B{\"u}hlmann, Peter},
  booktitle={Handbook of Computational Statistics},
  pages={985--1022},
  year={2012},
  publisher={Springer}
}

@inproceedings{ozay2008performance,
  title={Performance analysis of stacked generalization classifiers},
  author={Ozay, M and Vural, F},
  booktitle={2008 IEEE 16th Signal Processing, Communication and Applications Conference},
  year={2008}
}

@article{jacobs1991adaptive,
  title={Adaptive mixtures of local experts},
  author={Jacobs, Robert A and Jordan, Michael I and Nowlan, Steven J and Hinton, Geoffrey E},
  journal={Neural computation},
  volume={3},
  number={1},
  pages={79--87},
  year={1991},
  publisher={MIT Press}
}

@inproceedings{huang1993behavior,
  title={The behavior-knowledge space method for combination of multiple classifiers},
  author={Huang, YS and Suen, CY},
  booktitle={IEEE Computer Society Conference on Computer Vision and Pattern Recognition},
  pages={347--347},
  year={1993},
  organization={INSTITUTE OF ELECTRICAL ENGINEERS INC (IEEE)}
}

@article{bermak2003compact,
  title={A compact 3D VLSI classifier using bagging threshold network ensembles},
  author={Bermak, Amine and Martinez, Dominique},
  journal={Neural Networks, IEEE Transactions on},
  volume={14},
  number={5},
  pages={1097--1109},
  year={2003},
  publisher={IEEE}
}

@inproceedings{osman2009random,
  title={Random forest-LNS architecture and vision},
  author={Osman, Hassab Elgawi},
  booktitle={Industrial Informatics, 2009. INDIN 2009. 7th IEEE International Conference on},
  pages={319--324},
  year={2009},
  organization={IEEE}
}

@inproceedings{van2012accelerating,
  title={Accelerating a random forest classifier: Multi-core, GP-GPU, or FPGA?},
  author={Van Essen, Brian and Macaraeg, Chris and Gokhale, Maya and Prenger, Ryan},
  booktitle={Field-Programmable Custom Computing Machines (FCCM), 2012 IEEE 20th Annual International Symposium on},
  pages={232--239},
  year={2012},
  organization={IEEE}
}

@inproceedings{hussain2012adaptive,
  title={An adaptive FPGA implementation of multi-core K-nearest neighbour ensemble classifier using dynamic partial reconfiguration},
  author={Hussain, Hanaa and Benkrid, Khaled and Hong, Chuan and Seker, Huseyin},
  booktitle={Field Programmable Logic and Applications (FPL), 2012 22nd International Conference on},
  pages={627--630},
  year={2012},
  organization={IEEE}
}

@article{struharik2013hardware,
  title={Hardware implementation of decision tree ensembles},
  author={Struharik, Rastislav JR and Novak, Ladislav A},
  journal={Journal of Circuits, Systems, and Computers},
  volume={22},
  number={05},
  pages={1350032},
  year={2013},
  publisher={World Scientific}
}

@article{shi2008committee,
  title={A committee machine gas identification system based on dynamically reconfigurable FPGA},
  author={Shi, Minghua and Bermak, Amine and Chandrasekaran, Shrutisagar and Amira, Abbes and Brahim-Belhouari, Sofiane},
  journal={Sensors Journal, IEEE},
  volume={8},
  number={4},
  pages={403--414},
  year={2008},
  publisher={IEEE}
}

@article{vranjkovic2015reconfigurable,
  title={Reconfigurable Hardware for Machine Learning Applications},
  author={Vranjkovi{\'c}, Vuk S and Struharik, Rastislav JR and Novak, Ladislav A},
  journal={Journal of Circuits, Systems and Computers},
  volume={24},
  number={05},
  pages={1550064},
  year={2015},
  publisher={World Scientific}
}

@article{ali2010hardware,
  title={Hardware/software co-design of a real-time kernel based tracking system},
  author={Ali, Usman and Malik, Mohammad Bilal},
  journal={Journal of Systems Architecture},
  volume={56},
  number={8},
  pages={317--326},
  year={2010},
  publisher={Elsevier}
}

@article{tomasi2010fine,
  title={Fine grain pipeline architecture for high performance phase-based optical flow computation},
  author={Tomasi, Matteo and Barranco, Francisco and Vanegas, Mauricio and D{\'\i}az, Javier and Ros, E},
  journal={Journal of Systems Architecture},
  volume={56},
  number={11},
  pages={577--587},
  year={2010},
  publisher={Elsevier}
}

@article{yu2013depth,
  title={An in-depth analysis on traffic flooding attacks detection and system using data mining techniques},
  author={Yu, Jaehak and Kang, Hyunjoong and Park, DaeHeon and Bang, Hyo-Chan and Kang, Do Wook},
  journal={Journal of Systems Architecture},
  volume={59},
  number={10},
  pages={1005--1012},
  year={2013},
  publisher={Elsevier}
}
