@article{newman1998uci,
  title={UCI Repository of machine learning databases},
  author={Newman, David J and Hettich, Seth and Blake, Cason L and Merz, Christopher J},
  journal= {},
  year={1998}
}

@book{flach2012machine,
  title={Machine learning: the art and science of algorithms that make sense of data},
  author={Flach, Peter},
  year={2012},
  publisher={Cambridge University Press}
}

@book{murphy2012machine,
  title={Machine learning: a probabilistic perspective},
  author={Murphy, Kevin P},
  year={2012},
  publisher={MIT press}
}

@article{barros2012survey,
  title={A survey of evolutionary algorithms for decision-tree induction},
  author={Barros, Rodrigo Coelho and Basgalupp, Marcio Porto and De Carvalho, ACPLF and Freitas, Alex Alves},
  journal={Systems, Man, and Cybernetics, Part C: Applications and Reviews, IEEE Transactions on},
  volume={42},
  number={3},
  pages={291--312},
  year={2012},
  publisher={IEEE}
}

@article{struharik2009evolving,
  title={Evolving decision trees in hardware},
  author={Struharik, Rastislav and Novak, Ladislav},
  journal={Journal of Circuits, Systems, and Computers},
  volume={18},
  number={06},
  pages={1033--1060},
  year={2009},
  publisher={World Scientific}
}

@article{struharik2009intellectual,
  title={Intellectual property core implementation of decision trees},
  author={Struharik, Rastislav and Novak, Ladislav},
  journal={IET computers \& digital techniques},
  volume={3},
  number={3},
  pages={259--269},
  year={2009},
  publisher={IET Digital Library}
}

@book{rokach2007data,
  title={Data mining with decision trees: theory and applications},
  author={Rokach, Lior},
  year={2007},
  publisher={World scientific}
}

@article{rokach2005top,
  title={Top-down induction of decision trees classifiers-a survey},
  author={Rokach, Lior and Maimon, Oded},
  journal={Systems, Man, and Cybernetics, Part C: Applications and Reviews, IEEE Transactions on},
  volume={35},
  number={4},
  pages={476--487},
  year={2005},
  publisher={IEEE}
}

@book{abe2005support,
  title={Support vector machines for pattern classification},
  author={Abe, Shigeo},
  volume={53},
  year={2005},
  publisher={Springer}
}

@book{haykin2009neural,
  title={Neural networks and learning machines},
  author={Haykin, Simon S and Haykin, Simon S and Haykin, Simon S and Haykin, Simon S},
  volume={3},
  year={2009},
  publisher={Pearson Education Upper Saddle River}
}

@book{witten2005data,
  title={Data Mining: Practical machine learning tools and techniques},
  author={Witten, Ian H and Frank, Eibe},
  year={2005},
  publisher={Morgan Kaufmann}
}

@book{wu2009top,
  title={The top ten algorithms in data mining},
  author={Wu, Xindong and Kumar, Vipin},
  year={2009},
  publisher={CRC Press}
}

@book{wang2006data,
  title={Data mining with computational intelligence},
  author={Wang, Lipo and Fu, Xiuju},
  year={2006},
  publisher={Springer Science \& Business Media}
}

@inproceedings{struharik2014inducing,
  title={Inducing oblique decision trees},
  author={Struharik, Rastislav and Vranjkovic, Vuk and Dautovic, Stanisa and Novak, Ladislav},
  booktitle={Intelligent Systems and Informatics (SISY), 2014 IEEE 12th International Symposium on},
  pages={257--262},
  year={2014},
  organization={IEEE}
}

@book{prince2012computer,
  title={Computer vision: models, learning, and inference},
  author={Prince, Simon JD},
  year={2012},
  publisher={Cambridge University Press}
}

@book{challa2011fundamentals,
  title={Fundamentals of object tracking},
  author={Challa, Sudha},
  year={2011},
  publisher={Cambridge University Press}
}

@book{lesk2013introduction,
  title={Introduction to bioinformatics},
  author={Lesk, Arthur},
  year={2013},
  publisher={Oxford University Press}
}

@book{baldi2001bioinformatics,
  title={Bioinformatics: the machine learning approach},
  author={Baldi, Pierre and Brunak, S{\o}ren},
  year={2001},
  publisher={MIT press}
}

@book{liu2007web,
  title={Web data mining: exploring hyperlinks, contents, and usage data},
  author={Liu, Bing},
  year={2007},
  publisher={Springer Science \& Business Media}
}

@book{russell2013mining,
  title={Mining the Social Web: Data Mining Facebook, Twitter, LinkedIn, Google+, GitHub, and More},
  author={Russell, Matthew A},
  year={2013},
  publisher={ O'Reilly Media, Inc.}
}

@book{weiss2010fundamentals,
  title={Fundamentals of predictive text mining},
  author={Weiss, Sholom M and Indurkhya, Nitin and Zhang, Tong},
  year={2010},
  publisher={Springer Science \& Business Media}
}

@book{aggarwal2012mining,
  title={Mining text data},
  author={Aggarwal, Charu C and Zhai, ChengXiang},
  year={2012},
  publisher={Springer Science \& Business Media}
}

@book{bekkerman2011scaling,
  title={Scaling up machine learning: Parallel and distributed approaches},
  author={Bekkerman, Ron and Bilenko, Mikhail and Langford, John},
  year={2011},
  publisher={Cambridge University Press}
}

@article{choudhary2011accelerating,
  title={Accelerating data mining workloads: current approaches and future challenges in system architecture design},
  author={Choudhary, Alok N and Honbo, Daniel and Kumar, Prabhat and Ozisikyilmaz, Berkin and Misra, Sanchit and Memik, Gokhan},
  journal={Wiley Interdisciplinary Reviews: Data Mining and Knowledge Discovery},
  volume={1},
  number={1},
  pages={41--54},
  year={2011},
  publisher={Wiley Online Library}
}

@article{anguita2003digital,
  title={A digital architecture for support vector machines: theory, algorithm, and FPGA implementation},
  author={Anguita, Davide and Boni, Andrea and Ridella, Sandro},
  journal={Neural Networks, IEEE Transactions on},
  volume={14},
  number={5},
  pages={993--1009},
  year={2003},
  publisher={IEEE}
}

@article{papadonikolakis2012novel,
  title={Novel cascade FPGA accelerator for support vector machines classification},
  author={Papadonikolakis, Markos and Bouganis, C},
  journal={Neural Networks and Learning Systems, IEEE Transactions on},
  volume={23},
  number={7},
  pages={1040--1052},
  year={2012},
  publisher={IEEE}
}

@article{anguita2011fpga,
  title={A FPGA core generator for embedded classification systems},
  author={Anguita, Davide and Carlino, Luca and Ghio, Alessandro and Ridella, Sandro},
  journal={Journal of Circuits, Systems, and Computers},
  volume={20},
  number={02},
  pages={263--282},
  year={2011},
  publisher={World Scientific}
}

@article{mahmoodi2011fpga,
  title={FPGA simulation of linear and nonlinear support vector machine},
  author={Mahmoodi, Davood and Soleimani, Ali and Khosravi, Hossein and Taghizadeh, Mehdi and others},
  journal={Journal of Software Engineering and Applications},
  volume={4},
  number={05},
  pages={320},
  year={2011},
  publisher={Scientific Research Publishing}
}

@inproceedings{vranjkovic2011new,
  title={New architecture for SVM classifier and its application to telecommunication problems},
  author={Vranjkovic, Vuk and Struharik, Rastislav},
  booktitle={Telecommunications Forum (TELFOR), 2011 19th},
  pages={1543--1545},
  year={2011},
  organization={IEEE}
}

@article{savich2012scalable,
  title={A scalable pipelined architecture for real-time computation of MLP-BP neural networks},
  author={Savich, Antony and Moussa, Medhat and Areibi, Shawki},
  journal={Microprocessors and Microsystems},
  volume={36},
  number={2},
  pages={138--150},
  year={2012},
  publisher={Elsevier}
}

@article{vainbrand2011scalable,
  title={Scalable network-on-chip architecture for configurable neural networks},
  author={Vainbrand, Dmitri and Ginosar, Ran},
  journal={Microprocessors and Microsystems},
  volume={35},
  number={2},
  pages={152--166},
  year={2011},
  publisher={Elsevier}
}

@article{echanobe2014fpga,
  title={An FPGA-based multiprocessor-architecture for intelligent environments},
  author={Echanobe, J and del Campo, I and Basterretxea, K and Martinez, MV and Doctor, Faiyaz},
  journal={Microprocessors and Microsystems},
  volume={38},
  number={7},
  pages={730--740},
  year={2014},
  publisher={Elsevier}
}

@article{misra2010artificial,
  title={Artificial neural networks in hardware: A survey of two decades of progress},
  author={Misra, Janardan and Saha, Indranil},
  journal={Neurocomputing},
  volume={74},
  number={1},
  pages={239--255},
  year={2010},
  publisher={Elsevier}
}

@book{omondi2006fpga,
  title={FPGA implementations of neural networks},
  author={Omondi, Amos R and Rajapakse, Jagath Chandana},
  volume={365},
  year={2006},
  publisher={Springer}
}

@article{madokoro2013hardware,
  title={Hardware implementation of back-propagation neural networks for real-time video image learning and processing},
  author={Madokoro, Hirokazu and Sato, Kazuhito},
  journal={Journal of Computers},
  volume={8},
  number={3},
  pages={559--566},
  year={2013}
}

@article{li2011low,
  title={A low-power hardware-friendly binary decision tree classifier for gas identification},
  author={Li, Qingzheng and Bermak, Amine},
  journal={Journal of Low Power Electronics and Applications},
  volume={1},
  number={1},
  pages={45--58},
  year={2011},
  publisher={Molecular Diversity Preservation International}
}

@article{saqib2015pipelined,
  title={Pipelined Decision Tree Classification Accelerator Implementation in FPGA (DT-CAIF)},
  author={Saqib, Fareena and Dutta, Aindrik and Plusquellic, Jim and Ortiz, Philip and Pattichis, Marios S},
  journal={Computers, IEEE Transactions on},
  volume={64},
  number={1},
  pages={280--285},
  year={2015},
  publisher={IEEE}
}

@article{chrysos2013hc,
  title={HC-CART: a parallel system implementation of data mining classification and regression tree (CART) algorithm on a multi-FPGA system},
  author={Chrysos, Grigorios and Dagritzikos, Panagiotis and Papaefstathiou, Ioannis and Dollas, Apostolos},
  journal={ACM Transactions on Architecture and Code Optimization (TACO)},
  volume={9},
  number={4},
  pages={47},
  year={2013},
  publisher={ACM}
}

@inproceedings{heath1993induction,
  title={Induction of oblique decision trees},
  author={Heath, David and Kasif, Simon and Salzberg, Steven},
  booktitle={IJCAI},
  pages={1002--1007},
  year={1993},
  organization={Citeseer}
}

@incollection{bot2000application,
  title={Application of genetic programming to induction of linear classification trees},
  author={Bot, Martijn CJ and Langdon, William B},
  booktitle={Genetic Programming},
  pages={247--258},
  year={2000},
  publisher={Springer}
}

@incollection{krketowski2005global,
  title={Global induction of oblique decision trees: an evolutionary approach},
  author={Kr{\k{e}}towski, Marek and Grze{\'s}, Marek},
  booktitle={Intelligent Information Processing and Web Mining},
  pages={309--318},
  year={2005},
  publisher={Springer}
}

@inproceedings{llora2004mixed,
  title={Mixed decision trees: Minimizing knowledge representation bias in LCS},
  author={Llora, Xavier and Wilson, Stewart W},
  booktitle={Genetic and Evolutionary Computation--GECCO 2004},
  pages={797--809},
  year={2004},
  organization={Springer}
}

@inproceedings{papagelis2000ga,
  title={GA tree: Genetically evolved decision trees},
  author={Papagelis, Athanassios and Kalles, Dimitrios},
  booktitle={2012 IEEE 24th International Conference on Tools with Artificial Intelligence},
  pages={0203--0203},
  year={2012},
  organization={IEEE Computer Society}
}

@inproceedings{vukobratovic2015evolving,
  title={Evolving full oblique decision trees},
  author={Vukobratovic, B and Struharik, R},
  booktitle={Computational Intelligence and Informatics (CINTI), 2015 16th IEEE International Symposium on},
  pages={95--100},
  year={2015},
  organization={IEEE}
}

@article{anguita2008support,
  title={A support vector machine with integer parameters},
  author={Anguita, Davide and Ghio, Alessandro and Pischiutta, Stefano and Ridella, Sandro},
  journal={Neurocomputing},
  volume={72},
  number={1},
  pages={480--489},
  year={2008},
  publisher={Elsevier}
}

@article{vranjkovic2015reconfigurable,
  title={Reconfigurable Hardware for Machine Learning Applications},
  author={Vranjkovi{\'c}, Vuk S and Struharik, Rastislav JR and Novak, Ladislav A},
  journal={Journal of Circuits, Systems and Computers},
  volume={24},
  number={05},
  pages={1550064},
  year={2015},
  publisher={World Scientific}
}

@article{quinlan1986induction,
  title={Induction of decision trees},
  author={Quinlan, J. Ross},
  journal={Machine learning},
  volume={1},
  number={1},
  pages={81--106},
  year={1986},
  publisher={Springer}
}

@article{mahmood2010novel,
  title={A novel algorithm for scaling up the accuracy of decision trees},
  author={Mahmood, Ali Mirza and Rao, K Mrutunjaya and Reddi, Kiran Kumar and others},
  journal={International Journal on Computer Science and Engineering},
  volume={2},
  number={2},
  pages={126--131},
  year={2010}
}

@incollection{islam2010explore,
  title={EXPLORE: a novel decision tree classification algorithm},
  author={Islam, Md Zahidul},
  booktitle={Data Security and Security Data},
  pages={55--71},
  year={2010},
  publisher={Springer}
}

@article{yildiz2012univariate,
  title={Univariate decision tree induction using maximum margin classification},
  author={Y{\i}ld{\i}z, Olcay Taner},
  journal={The Computer Journal},
  volume={55},
  number={3},
  pages={293--298},
  year={2012},
  publisher={Br Computer Soc}
}

@article{lopez2013fisher,
  title={Fisher’s decision tree},
  author={L{\'o}pez-Chau, Asdr{\'u}bal and Cervantes, Jair and L{\'o}pez-Garc{\'\i}a, Lourdes and Lamont, Farid Garc{\'\i}a},
  journal={Expert Systems with Applications},
  volume={40},
  number={16},
  pages={6283--6291},
  year={2013},
  publisher={Elsevier}
}

@book{breiman1984classification,
  title={Classification and regression trees},
  author={Breiman, Leo and Friedman, Jerome and Stone, Charles J and Olshen, Richard A},
  year={1984},
  publisher={CRC press}
}

@article{murthy1994system,
  title={A system for induction of oblique decision trees},
  author={Murthy, Sreerama K. and Kasif, Simon and Salzberg, Steven},
  journal={Journal of artificial intelligence research},
  year={1994}
}

@article{cantu2003inducing,
  title={Inducing oblique decision trees with evolutionary algorithms},
  author={Cantu-Paz, Erick and Kamath, Chandrika},
  journal={Evolutionary Computation, IEEE Transactions on},
  volume={7},
  number={1},
  pages={54--68},
  year={2003},
  publisher={IEEE}
}

@article{liu2011improved,
  title={An improved algorithm for oblique decision tree classification based on rough set theory},
  author={Liu, X and Wang, D and Jiang, L and Chen, F},
  journal={J Comput Inf Syst},
  volume={7},
  number={11},
  pages={4042--4049},
  year={2011}
}

@article{manwani2012geometric,
  title={Geometric decision tree},
  author={Manwani, Naresh and Sastry, PS},
  journal={Systems, Man, and Cybernetics, Part B: Cybernetics, IEEE Transactions on},
  volume={42},
  number={1},
  pages={181--192},
  year={2012},
  publisher={IEEE}
}

@article{barros2014framework,
  title={A framework for bottom-up induction of oblique decision trees},
  author={Barros, Rodrigo C and Jaskowiak, Pablo A and Cerri, Ricardo and de Carvalho, Andre CPLF},
  journal={Neurocomputing},
  volume={135},
  pages={3--12},
  year={2014},
  publisher={Elsevier}
}

@article{otero2012inducing,
  title={Inducing decision trees with an ant colony optimization algorithm},
  author={Otero, Fernando EB and Freitas, Alex A and Johnson, Colin G},
  journal={Applied Soft Computing},
  volume={12},
  number={11},
  pages={3615--3626},
  year={2012},
  publisher={Elsevier}
}

@article{boryczka2015enhancing,
  title={Enhancing the effectiveness of Ant Colony Decision Tree algorithms by co-learning},
  author={Boryczka, Urszula and Kozak, Jan},
  journal={Applied Soft Computing},
  volume={30},
  pages={166--178},
  year={2015},
  publisher={Elsevier}
}

@inproceedings{levi2000hereboy,
  title={HereBoy: A fast evolutionary algorithm},
  author={Levi, Delon},
  booktitle={Evolvable Hardware, 2000. Proceedings. The Second NASA/DoD Workshop on},
  pages={17--24},
  year={2000},
  organization={IEEE}
}

@misc{uciurl,
  author={UCI},
  title = {{UCI Machine Learning Repository}},
  howpublished = {\url{http://archive.ics.uci.edu/ml/}}
}

@book{chu2006rtl,
  title={RTL hardware design using VHDL: coding for efficiency, portability, and scalability},
  author={Chu, Pong P},
  year={2006},
  publisher={John Wiley \& Sons}
}

@book{micheli1994synthesis,
  title={Synthesis and optimization of digital circuits},
  author={Micheli, Giovanni De},
  year={1994},
  publisher={McGraw-Hill Higher Education}
}

@book{weiss1991computer,
  title={Computer systems that learn},
  author={Weiss, Shlomo and Kulikowski, Casimir},
  year={1991},
  publisher={San Mateo, CA: Morgan Kaufmann}
}

@book{hjorth1993computer,
  title={Computer intensive statistical methods: Validation, model selection, and bootstrap},
  author={Hjorth, JS Urban},
  year={1993},
  publisher={CRC Press}
}

@article{plutowski1994cross,
  title={Cross-validation estimates IMSE},
  author={Plutowski, Mark and Sakata, Shinichi and White, Halbert},
  journal={training (as training can be faster on smaller datasets)},
  volume={2},
  pages={4},
  year={1994},
  publisher={Citeseer}
}

@book{gauch2003scientific,
  title={Scientific method in practice},
  author={Gauch, Hugh G},
  year={2003},
  publisher={Cambridge University Press}
}

@book{brownlee2011clever,
  title={Clever algorithms: nature-inspired programming recipes},
  author={Brownlee, Jason},
  year={2011},
  publisher={Jason Brownlee}
}

@inproceedings{levinson2011towards,
  title={Towards fully autonomous driving: Systems and algorithms},
  author={Levinson, Jesse and Askeland, Jake and Becker, Jan and Dolson, Jennifer and Held, David and Kammel, Soeren and Kolter, J Zico and Langer, Dirk and Pink, Oliver and Pratt, Vaughan and others},
  booktitle={Intelligent Vehicles Symposium (IV), 2011 IEEE},
  pages={163--168},
  year={2011},
  organization={IEEE}
}

@article{khan2011image,
  title={Image segmentation and shape analysis for road-sign detection},
  author={Khan, Jesmin F and Bhuiyan, Sharif MA and Adhami, Reza R},
  journal={IEEE Transactions on Intelligent Transportation Systems},
  volume={12},
  number={1},
  pages={83--96},
  year={2011},
  publisher={IEEE}
}

@book{rissanen1985minimum,
  title={Minimum description length principle},
  author={Rissanen, Jorma},
  year={1985},
  publisher={Wiley Online Library}
}

@article{ali2010hardware,
  title={Hardware/software co-design of a real-time kernel based tracking system},
  author={Ali, Usman and Malik, Mohammad Bilal},
  journal={Journal of Systems Architecture},
  volume={56},
  number={8},
  pages={317--326},
  year={2010},
  publisher={Elsevier}
}

@article{tomasi2010fine,
  title={Fine grain pipeline architecture for high performance phase-based optical flow computation},
  author={Tomasi, Matteo and Barranco, Francisco and Vanegas, Mauricio and D{\'\i}az, Javier and Ros, E},
  journal={Journal of Systems Architecture},
  volume={56},
  number={11},
  pages={577--587},
  year={2010},
  publisher={Elsevier}
}

@article{rokach2010ensemble,
  title={Ensemble-based classifiers},
  author={Rokach, Lior},
  journal={Artificial Intelligence Review},
  volume={33},
  number={1-2},
  pages={1--39},
  year={2010},
  publisher={Springer}
}

@incollection{buhlmann2012bagging,
  title={Bagging, boosting and ensemble methods},
  author={B{\"u}hlmann, Peter},
  booktitle={Handbook of Computational Statistics},
  pages={985--1022},
  year={2012},
  publisher={Springer}
}

@inproceedings{ozay2008performance,
  title={Performance analysis of stacked generalization classifiers},
  author={Ozay, M and Vural, F},
  booktitle={2008 IEEE 16th Signal Processing, Communication and Applications Conference},
  year={2008}
}

@article{jacobs1991adaptive,
  title={Adaptive mixtures of local experts},
  author={Jacobs, Robert A and Jordan, Michael I and Nowlan, Steven J and Hinton, Geoffrey E},
  journal={Neural computation},
  volume={3},
  number={1},
  pages={79--87},
  year={1991},
  publisher={MIT Press}
}

@inproceedings{huang1993behavior,
  title={The behavior-knowledge space method for combination of multiple classifiers},
  author={Huang, YS and Suen, CY},
  booktitle={IEEE Computer Society Conference on Computer Vision and Pattern Recognition},
  pages={347--347},
  year={1993},
  organization={INSTITUTE OF ELECTRICAL ENGINEERS INC (IEEE)}
}

@article{bermak2003compact,
  title={A compact 3D VLSI classifier using bagging threshold network ensembles},
  author={Bermak, Amine and Martinez, Dominique},
  journal={Neural Networks, IEEE Transactions on},
  volume={14},
  number={5},
  pages={1097--1109},
  year={2003},
  publisher={IEEE}
}

@inproceedings{osman2009random,
  title={Random forest-LNS architecture and vision},
  author={Osman, Hassab Elgawi},
  booktitle={Industrial Informatics, 2009. INDIN 2009. 7th IEEE International Conference on},
  pages={319--324},
  year={2009},
  organization={IEEE}
}

@inproceedings{van2012accelerating,
  title={Accelerating a random forest classifier: Multi-core, GP-GPU, or FPGA?},
  author={Van Essen, Brian and Macaraeg, Chris and Gokhale, Maya and Prenger, Ryan},
  booktitle={Field-Programmable Custom Computing Machines (FCCM), 2012 IEEE 20th Annual International Symposium on},
  pages={232--239},
  year={2012},
  organization={IEEE}
}

@inproceedings{hussain2012adaptive,
  title={An adaptive FPGA implementation of multi-core K-nearest neighbour ensemble classifier using dynamic partial reconfiguration},
  author={Hussain, Hanaa and Benkrid, Khaled and Hong, Chuan and Seker, Huseyin},
  booktitle={Field Programmable Logic and Applications (FPL), 2012 22nd International Conference on},
  pages={627--630},
  year={2012},
  organization={IEEE}
}

@article{struharik2013hardware,
  title={Hardware implementation of decision tree ensembles},
  author={Struharik, Rastislav JR and Novak, Ladislav A},
  journal={Journal of Circuits, Systems, and Computers},
  volume={22},
  number={05},
  pages={1350032},
  year={2013},
  publisher={World Scientific}
}

@article{shi2008committee,
  title={A committee machine gas identification system based on dynamically reconfigurable FPGA},
  author={Shi, Minghua and Bermak, Amine and Chandrasekaran, Shrutisagar and Amira, Abbes and Brahim-Belhouari, Sofiane},
  journal={Sensors Journal, IEEE},
  volume={8},
  number={4},
  pages={403--414},
  year={2008},
  publisher={IEEE}
}

@inproceedings{lopez2006decision,
  title={Decision tree based FPGA-architecture for texture sea state classification},
  author={Lopez-Estrada, Santos and Cumplido, Rene},
  booktitle={2006 IEEE International Conference on Reconfigurable Computing and FPGA's (ReConFig 2006)},
  pages={1--7},
  year={2006},
  organization={IEEE}
}
